@ARTICLE{2018AJ....156..123A,
       author = {{Astropy Collaboration} and {Price-Whelan}, A.~M. and {Sip{\H{o}}cz}, B.~M. and {G{\"u}nther}, H.~M. and {Lim}, P.~L. and {Crawford}, S.~M. and {Conseil}, S. and {Shupe}, D.~L. and {Craig}, M.~W. and {Dencheva}, N. and {Ginsburg}, A. and {VanderPlas}, J.~T. and {Bradley}, L.~D. and {P{\'e}rez-Su{\'a}rez}, D. and {de Val-Borro}, M. and {Aldcroft}, T.~L. and {Cruz}, K.~L. and {Robitaille}, T.~P. and {Tollerud}, E.~J. and {Ardelean}, C. and {Babej}, T. and {Bach}, Y.~P. and {Bachetti}, M. and {Bakanov}, A.~V. and {Bamford}, S.~P. and {Barentsen}, G. and {Barmby}, P. and {Baumbach}, A. and {Berry}, K.~L. and {Biscani}, F. and {Boquien}, M. and {Bostroem}, K.~A. and {Bouma}, L.~G. and {Brammer}, G.~B. and {Bray}, E.~M. and {Breytenbach}, H. and {Buddelmeijer}, H. and {Burke}, D.~J. and {Calderone}, G. and {Cano Rodr{\'\i}guez}, J.~L. and {Cara}, M. and {Cardoso}, J.~V.~M. and {Cheedella}, S. and {Copin}, Y. and {Corrales}, L. and {Crichton}, D. and {D'Avella}, D. and {Deil}, C. and {Depagne}, {\'E}. and {Dietrich}, J.~P. and {Donath}, A. and {Droettboom}, M. and {Earl}, N. and {Erben}, T. and {Fabbro}, S. and {Ferreira}, L.~A. and {Finethy}, T. and {Fox}, R.~T. and {Garrison}, L.~H. and {Gibbons}, S.~L.~J. and {Goldstein}, D.~A. and {Gommers}, R. and {Greco}, J.~P. and {Greenfield}, P. and {Groener}, A.~M. and {Grollier}, F. and {Hagen}, A. and {Hirst}, P. and {Homeier}, D. and {Horton}, A.~J. and {Hosseinzadeh}, G. and {Hu}, L. and {Hunkeler}, J.~S. and {Ivezi{\'c}}, {\v{Z}}. and {Jain}, A. and {Jenness}, T. and {Kanarek}, G. and {Kendrew}, S. and {Kern}, N.~S. and {Kerzendorf}, W.~E. and {Khvalko}, A. and {King}, J. and {Kirkby}, D. and {Kulkarni}, A.~M. and {Kumar}, A. and {Lee}, A. and {Lenz}, D. and {Littlefair}, S.~P. and {Ma}, Z. and {Macleod}, D.~M. and {Mastropietro}, M. and {McCully}, C. and {Montagnac}, S. and {Morris}, B.~M. and {Mueller}, M. and {Mumford}, S.~J. and {Muna}, D. and {Murphy}, N.~A. and {Nelson}, S. and {Nguyen}, G.~H. and {Ninan}, J.~P. and {N{\"o}the}, M. and {Ogaz}, S. and {Oh}, S. and {Parejko}, J.~K. and {Parley}, N. and {Pascual}, S. and {Patil}, R. and {Patil}, A.~A. and {Plunkett}, A.~L. and {Prochaska}, J.~X. and {Rastogi}, T. and {Reddy Janga}, V. and {Sabater}, J. and {Sakurikar}, P. and {Seifert}, M. and {Sherbert}, L.~E. and {Sherwood-Taylor}, H. and {Shih}, A.~Y. and {Sick}, J. and {Silbiger}, M.~T. and {Singanamalla}, S. and {Singer}, L.~P. and {Sladen}, P.~H. and {Sooley}, K.~A. and {Sornarajah}, S. and {Streicher}, O. and {Teuben}, P. and {Thomas}, S.~W. and {Tremblay}, G.~R. and {Turner}, J.~E.~H. and {Terr{\'o}n}, V. and {van Kerkwijk}, M.~H. and {de la Vega}, A. and {Watkins}, L.~L. and {Weaver}, B.~A. and {Whitmore}, J.~B. and {Woillez}, J. and {Zabalza}, V. and {Astropy Contributors}},
        title = {The Astropy Project: Building an Open-science Project and Status of the v2.0 Core Package},
      journal = {\aj},
     keywords = {methods: data analysis, methods: miscellaneous, methods: statistical, reference systems, Astrophysics - Instrumentation and Methods for Astrophysics},
         year = 2018,
        month = sep,
       volume = {156},
       number = {3},
          eid = {123},
        pages = {123},
          doi = {10.3847/1538-3881/aabc4f},
archivePrefix = {arXiv},
       eprint = {1801.02634},
 primaryClass = {astro-ph.IM},
       adsurl = {https://ui.adsabs.harvard.edu/abs/2018AJ....156..123A},
      adsnote = {Provided by the SAO/NASA Astrophysics Data System}
}

@ARTICLE{astropy,
       author = {{Astropy Collaboration} and {Robitaille}, Thomas P. and
         {Tollerud}, Erik J. and {Greenfield}, Perry and {Droettboom}, Michael and
         {Bray}, Erik and {Aldcroft}, Tom and {Davis}, Matt and
         {Ginsburg}, Adam and {Price-Whelan}, Adrian M. and
         {Kerzendorf}, Wolfgang E. and {Conley}, Alexander and {Crighton}, Neil and
         {Barbary}, Kyle and {Muna}, Demitri and {Ferguson}, Henry and
         {Grollier}, Fr{\'e}d{\'e}ric and {Parikh}, Madhura M. and
         {Nair}, Prasanth H. and {Unther}, Hans M. and {Deil}, Christoph and
         {Woillez}, Julien and {Conseil}, Simon and {Kramer}, Roban and
         {Turner}, James E.~H. and {Singer}, Leo and {Fox}, Ryan and
         {Weaver}, Benjamin A. and {Zabalza}, Victor and {Edwards}, Zachary I. and
         {Azalee Bostroem}, K. and {Burke}, D.~J. and {Casey}, Andrew R. and
         {Crawford}, Steven M. and {Dencheva}, Nadia and {Ely}, Justin and
         {Jenness}, Tim and {Labrie}, Kathleen and {Lim}, Pey Lian and
         {Pierfederici}, Francesco and {Pontzen}, Andrew and {Ptak}, Andy and
         {Refsdal}, Brian and {Servillat}, Mathieu and {Streicher}, Ole},
        title = {Astropy: A community Python package for astronomy},
      journal = {\aap},
     keywords = {methods: data analysis, methods: miscellaneous, virtual observatory tools, Astrophysics - Instrumentation and Methods for Astrophysics},
         year = {2013},
        month = {Oct},
       volume = {558},
          eid = {A33},
        pages = {A33},
          doi = {10.1051/0004-6361/201322068},
archivePrefix = {arXiv},
       eprint = {1307.6212},
 primaryClass = {astro-ph.IM},
       adsurl = {https://ui.adsabs.harvard.edu/abs/2013A&A...558A..33A},
      adsnote = {Provided by the SAO/NASA Astrophysics Data System}
}

@article{Matplotlib,
  title = {Matplotlib: A 2D Graphics Environment},
  volume = {9},
  ISSN = {1521-9615},
  url = {http://dx.doi.org/10.1109/MCSE.2007.55},
  DOI = {10.1109/mcse.2007.55},
  number = {3},
  journal = {Computing in Science \& Engineering},
  publisher = {Institute of Electrical and Electronics Engineers (IEEE)},
  author = {Hunter,  John D.},
  year = {2007},
  pages = {90–95}
}

@article{NumPy,
  title = {Array programming with NumPy},
  volume = {585},
  ISSN = {1476-4687},
  url = {http://dx.doi.org/10.1038/s41586-020-2649-2},
  DOI = {10.1038/s41586-020-2649-2},
  number = {7825},
  journal = {Nature},
  publisher = {Springer Science and Business Media LLC},
  author = {Harris,  Charles R. and Millman,  K. Jarrod and van der Walt,  Stéfan J. and Gommers,  Ralf and Virtanen,  Pauli and Cournapeau,  David and Wieser,  Eric and Taylor,  Julian and Berg,  Sebastian and Smith,  Nathaniel J. and Kern,  Robert and Picus,  Matti and Hoyer,  Stephan and van Kerkwijk,  Marten H. and Brett,  Matthew and Haldane,  Allan and del Río,  Jaime Fernández and Wiebe,  Mark and Peterson,  Pearu and Gérard-Marchant,  Pierre and Sheppard,  Kevin and Reddy,  Tyler and Weckesser,  Warren and Abbasi,  Hameer and Gohlke,  Christoph and Oliphant,  Travis E.},
  year = {2020},
  month = sep,
  pages = {357–362}
}

@article{petitRADTRANS,
  title = {petitRADTRANS: A Python radiative transfer package for exoplanet characterization and retrieval},
  volume = {627},
  ISSN = {1432-0746},
  url = {http://dx.doi.org/10.1051/0004-6361/201935470},
  DOI = {10.1051/0004-6361/201935470},
  journal = {\aap},
  publisher = {EDP Sciences},
  author = {Mollière,  P. and Wardenier,  J. P. and van Boekel,  R. and Henning,  Th. and Molaverdikhani,  K. and Snellen,  I. A. G.},
  year = {2019},
  month = jul,
  pages = {A67}
}
@article{PyFastChem,
  title = {FastChem: A computer program for efficient complex chemical equilibrium calculations in the neutral/ionized gas phase with applications to stellar and planetary atmospheres},
  ISSN = {1365-2966},
  url = {http://dx.doi.org/10.1093/mnras/sty1531},
  DOI = {10.1093/mnras/sty1531},
  journal = {Monthly Notices of the Royal Astronomical Society},
  publisher = {Oxford University Press (OUP)},
  author = {Stock,  Joachim W and Kitzmann,  Daniel and Patzer,  A Beate C and Sedlmayr,  Erwin},
  year = {2018},
  month = jun 
}

@misc{uncertainties,
  author = {Eric O. LEBIGOT},
  title = {Uncertainties: a Python package for calculations with uncertainties},
  year = {2023},
  url = {https://pythonhosted.org/uncertainties/},
  note = {Accessed: 10/21/23}}

@inproceedings{jupyter,
  title = {Jupyter Notebooks - a publishing format for reproducible computational workflows},
  author = {Kluyver, Thomas and Ragan-Kelley, Benjamin and Pérez, Fernando and Granger, Brian and Bussonnier, Matthias and Frederic, Jonathan and Kelley, Kyle and Hamrick, Jessica and Grout, Jason and Corlay, Sylvain and others},
  booktitle = {Positioning and Power in Academic Publishing: Players, Agents and Agendas},
  pages = {87--90},
  year = {2016},
  organization = {IOS Press}
}

@article{Johnson2023,
  title = {The PEPSI Exoplanet Transit Survey (PETS). II. A Deep Search for Thermal Inversion Agents in KELT-20 b/MASCARA-2 b with Emission and Transmission Spectroscopy*},
  volume = {165},
  ISSN = {1538-3881},
  url = {http://dx.doi.org/10.3847/1538-3881/acb7e2},
  DOI = {10.3847/1538-3881/acb7e2},
  number = {4},
  journal = {The Astronomical Journal},
  publisher = {American Astronomical Society},
  author = {Johnson,  Marshall C. and Wang,  Ji and Asnodkar,  Anusha Pai and Bonomo,  Aldo S. and Gaudi,  B. Scott and Henning,  Thomas and Ilyin,  Ilya and Keles,  Engin and Malavolta,  Luca and Mallonn,  Matthias and Molaverdikhani,  Karan and Nascimbeni,  Valerio and Patience,  Jennifer and Poppenhaeger,  Katja and Scandariato,  Gaetano and Schlawin,  Everett and Shkolnik,  Evgenya and Sicilia,  Daniela and Sozzetti,  Alessandro and Strassmeier,  Klaus G. and Veillet,  Christian and Yan,  Fei},
  year = {2023},
  month = mar,
  pages = {157}
}

@article{Stangret2020,
  title = {Detection of Fe I and Fe II in the atmosphere of MASCARA-2b using a cross-correlation method},
  volume = {638},
  ISSN = {1432-0746},
  url = {http://dx.doi.org/10.1051/0004-6361/202037541},
  DOI = {10.1051/0004-6361/202037541},
  journal = {\aap},
  publisher = {EDP Sciences},
  author = {Stangret,  M. and Casasayas-Barris,  N. and Pallé,  E. and Yan,  F. and Sánchez-López,  A. and López-Puertas,  M.},
  year = {2020},
  month = jun,
  pages = {A26}}

@article{CasasayasBarris2019,
  title = {Atmospheric characterization of the ultra-hot Jupiter MASCARA-2b/KELT-20b: Detection of CaII,  FeII,  NaI,  and the Balmer series of H (Hα,  Hβ,  and Hγ) with high-dispersion transit spectroscopy},
  volume = {628},
  ISSN = {1432-0746},
  url = {http://dx.doi.org/10.1051/0004-6361/201935623},
  DOI = {10.1051/0004-6361/201935623},
  journal = {\aap},
  publisher = {EDP Sciences},
  author = {Casasayas-Barris,  N. and Pallé,  E. and Yan,  F. and Chen,  G. and Kohl,  S. and Stangret,  M. and Parviainen,  H. and Helling,  Ch. and Watanabe,  N. and Czesla,  S. and Fukui,  A. and Montañés-Rodríguez,  P. and Nagel,  E. and Narita,  N. and Nortmann,  L. and Nowak,  G. and Schmitt,  J. H. M. M. and Zapatero Osorio,  M. R.},
  year = {2019},
  month = jul,
  pages = {A9}
}
@article{CasasayasBarris2020,
  title = {Atmospheric characterization of the ultra-hot Jupiter MASCARA-2b/KELT-20b: Detection of Ca II,  Fe II,  Na I,  and the Balmer series of H (Hα,  Hβ,  and Hγ) with high-dispersion transit spectroscopy (Corrigendum)},
  volume = {640},
  ISSN = {1432-0746},
  url = {http://dx.doi.org/10.1051/0004-6361/201935623e},
  DOI = {10.1051/0004-6361/201935623e},
  journal = {\aap},
  publisher = {EDP Sciences},
  author = {Casasayas-Barris,  N. and Pallé,  E. and Yan,  F. and Chen,  G. and Kohl,  S. and Stangret,  M. and Parviainen,  H. and Helling,  Ch. and Watanabe,  N. and Czesla,  S. and Fukui,  A. and Montañés-Rodríguez,  P. and Nagel,  E. and Narita,  N. and Nortmann,  L. and Nowak,  G. and Schmitt,  J. H. M. M. and Zapatero Osorio,  M. R.},
  year = {2020},
  month = aug,
  pages = {C6}
}


@article{Nugroho2020,
    author = {Nugroho, Stevanus K and Gibson, Neale P and de Mooij, Ernst J W and Watson, Chris A and Kawahara, Hajime and Merritt, Stephanie},
    title = {Searching for thermal inversion agents in the transmission spectrum of KELT-20b/MASCARA-2b: detection of neutral iron and ionised calcium H\&K lines},
    journal = {Monthly Notices of the Royal Astronomical Society},
    volume = {496},
    number = {1},
    pages = {504-522},
    year = {2020},
    month = {06},
    issn = {0035-8711},
    doi = {10.1093/mnras/staa1459},
    url = {https://doi.org/10.1093/mnras/staa1459},
    eprint = {https://academic.oup.com/mnras/article-pdf/496/1/504/33396556/staa1459.pdf},
}

@article{Strassmeier2015,
  title = {PEPSI: The high-resolution échelle spectrograph and polarimeter for the Large Binocular Telescope: PEPSI: The high-resolution échelle spectrograph and polarimeter for the Large Binocular Telescope},
  volume = {336},
  ISSN = {0004-6337},
  url = {http://dx.doi.org/10.1002/asna.201512172},
  DOI = {10.1002/asna.201512172},
  number = {4},
  journal = {Astronomische Nachrichten},
  publisher = {Wiley},
  author = {Strassmeier,  K.G. and Ilyin,  I. and J\"{a}rvinen,  A. and Weber,  M. and Woche,  M. and Barnes,  S. I. and Bauer,  S.-M. and Beckert,  E. and Bittner,  W. and Bredthauer,  R. and Carroll,  T. A. and Denker,  C. and Dionies,  F. and DiVarano,  I. and D\"{o}scher,  D. and Fechner,  T. and Feuerstein,  D. and Granzer,  T. and Hahn,  T. and Harnisch,  G. and Hofmann,  A. and Lesser,  M. and Paschke,  J. and Pankratow,  S. and Plank,  V. and Pl\"{u}schke,  D. and Popow,  E. and Sablowski,  D. and Storm,  J.},
  year = {2015},
  month = jun,
  pages = {324–361}
}

@article{Lund2017,
  title = {KELT-20b: A Giant Planet with a Period ofP∼ 3.5 days Transiting theV∼ 7.6 Early A Star HD 185603},
  volume = {154},
  ISSN = {1538-3881},
  url = {http://dx.doi.org/10.3847/1538-3881/aa8f95},
  DOI = {10.3847/1538-3881/aa8f95},
  number = {5},
  journal = {The Astronomical Journal},
  publisher = {American Astronomical Society},
  author = {Lund,  Michael B. and Rodriguez,  Joseph E. and Zhou,  George and Gaudi,  B. Scott and Stassun,  Keivan G. and Johnson,  Marshall C. and Bieryla,  Allyson and Oelkers,  Ryan J. and Stevens,  Daniel J. and Collins,  Karen A. and Penev,  Kaloyan and Quinn,  Samuel N. and Latham,  David W. and Villanueva,  Steven and Eastman,  Jason D. and Kielkopf,  John F. and Oberst,  Thomas E. and Jensen,  Eric L. N. and Cohen,  David H. and Joner,  Michael D. and Stephens,  Denise C. and Relles,  Howard and Corfini,  Giorgio and Gregorio,  Joao and Zambelli,  Roberto and Esquerdo,  Gilbert A. and Calkins,  Michael L. and Berlind,  Perry and Ciardi,  David R. and Dressing,  Courtney and Patel,  Rahul and Gagnon,  Patrick and Gonzales,  Erica and Beatty,  Thomas G. and Siverd,  Robert J. and Labadie-Bartz,  Jonathan and Kuhn,  Rudolf B. and Colón,  Knicole D. and James,  David and Pepper,  Joshua and Fulton,  Benjamin J. and McLeod,  Kim K. and Stockdale,  Christopher and Calchi Novati,  Sebastiano and DePoy,  D. L. and Gould,  Andrew and Marshall,  Jennifer L. and Trueblood,  Mark and Trueblood,  Patricia and Johnson,  John A. and Wright,  Jason and McCrady,  Nate and Wittenmyer,  Robert A. and Johnson,  Samson A. and Sergi,  Anthony and Wilson,  Maurice and Sliski,  David H.},
  year = {2017},
  month = oct,
  pages = {194}
}


@article{Guillot2010,
  title = {On the radiative equilibrium of irradiated planetary atmospheres},
  volume = {520},
  ISSN = {1432-0746},
  url = {http://dx.doi.org/10.1051/0004-6361/200913396},
  DOI = {10.1051/0004-6361/200913396},
  journal = {\aap},
  publisher = {EDP Sciences},
  author = {Guillot,  T.},
  year = {2010},
  month = sep,
  pages = {A27}
}

@article{Savel2023,
  title = {Diagnosing Limb Asymmetries in Hot and Ultrahot Jupiters with High-resolution Transmission Spectroscopy},
  volume = {944},
  ISSN = {1538-4357},
  url = {http://dx.doi.org/10.3847/1538-4357/acb141},
  DOI = {10.3847/1538-4357/acb141},
  number = {1},
  journal = {The Astrophysical Journal},
  publisher = {American Astronomical Society},
  author = {Savel,  Arjun B. and Kempton,  Eliza M.-R. and Rauscher,  Emily and Komacek,  Thaddeus D. and Bean,  Jacob L. and Malik,  Matej and Malsky,  Isaac},
  year = {2023},
  month = feb,
  pages = {99}
}
@article{Hoeijmakers2020,
  title = {High-resolution transmission spectroscopy of MASCARA-2 b with EXPRES},
  volume = {641},
  ISSN = {1432-0746},
  url = {http://dx.doi.org/10.1051/0004-6361/202037437},
  DOI = {10.1051/0004-6361/202037437},
  journal = {\aap},
  publisher = {EDP Sciences},
  author = {Hoeijmakers,  H. Jens and Cabot,  Samuel H. C. and Zhao,  Lily and Buchhave,  Lars A. and Tronsgaard,  René and Davis,  Allen B. and Kitzmann,  Daniel and Grimm,  Simon L. and Cegla,  Heather M. and Bourrier,  Vincent and Ehrenreich,  David and Heng,  Kevin and Lovis,  Christophe and Fischer,  Debra A.},
  year = {2020},
  month = sep,
  pages = {A120}
}
@article{Wardenier2021,
  title = {Decomposing the iron cross-correlation signal of the ultra-hot Jupiter WASP-76b in transmission using 3D Monte Carlo radiative transfer},
  volume = {506},
  ISSN = {1365-2966},
  url = {http://dx.doi.org/10.1093/mnras/stab1797},
  DOI = {10.1093/mnras/stab1797},
  number = {1},
  journal = {Monthly Notices of the Royal Astronomical Society},
  publisher = {Oxford University Press (OUP)},
  author = {Wardenier,  Joost P and Parmentier,  Vivien and Lee,  Elspeth K H and Line,  Michael R and Gharib-Nezhad,  Ehsan},
  year = {2021},
  month = jun,
  pages = {1258–1283}
}
@article{Stangret2020,
  title = {Detection of Fe I and Fe II in the atmosphere of MASCARA-2b using a cross-correlation method},
  volume = {638},
  ISSN = {1432-0746},
  url = {http://dx.doi.org/10.1051/0004-6361/202037541},
  DOI = {10.1051/0004-6361/202037541},
  journal = {\aap},
  publisher = {EDP Sciences},
  author = {Stangret,  M. and Casasayas-Barris,  N. and Pallé,  E. and Yan,  F. and Sánchez-López,  A. and López-Puertas,  M.},
  year = {2020},
  month = jun,
  pages = {A26}
}

@article{Rainer2021,
  title = {The GAPS programme at TNG: XXX. Atmospheric Rossiter-McLaughlin effect and atmospheric dynamics of KELT-20b},
  volume = {649},
  ISSN = {1432-0746},
  url = {http://dx.doi.org/10.1051/0004-6361/202039247},
  DOI = {10.1051/0004-6361/202039247},
  journal = {\aap},
  publisher = {EDP Sciences},
  author = {Rainer,  M. and Borsa,  F. and Pino,  L. and Frustagli,  G. and Brogi,  M. and Biazzo,  K. and Bonomo,  A. S. and Carleo,  I. and Claudi,  R. and Gratton,  R. and Lanza,  A. F. and Maggio,  A. and Maldonado,  J. and Mancini,  L. and Micela,  G. and Scandariato,  G. and Sozzetti,  A. and Buchschacher,  N. and Cosentino,  R. and Covino,  E. and Ghedina,  A. and Gonzalez,  M. and Leto,  G. and Lodi,  M. and Martinez Fiorenzano,  A. F. and Molinari,  E. and Molinaro,  M. and Nardiello,  D. and Oliva,  E. and Pagano,  I. and Pedani,  M. and Piotto,  G. and Poretti,  E.},
  year = {2021},
  month = may,
  pages = {A29}
}

@article{Yan2022,
  title = {Detection of iron emission lines and a temperature inversion on the dayside of the ultra-hot Jupiter KELT-20b},
  volume = {659},
  ISSN = {1432-0746},
  url = {http://dx.doi.org/10.1051/0004-6361/202142395},
  DOI = {10.1051/0004-6361/202142395},
  journal = {\aap},
  publisher = {EDP Sciences},
  author = {Yan,  F. and Reiners,  A. and Pallé,  E. and Shulyak,  D. and Stangret,  M. and Molaverdikhani,  K. and Nortmann,  L. and Mollière,  P. and Henning,  Th. and Casasayas-Barris,  N. and Cont,  D. and Chen,  G. and Czesla,  S. and Sánchez-López,  A. and López-Puertas,  M. and Ribas,  I. and Quirrenbach,  A. and Caballero,  J. A. and Amado,  P. J. and Galadí-Enríquez,  D. and Khalafinejad,  S. and Lara,  L. M. and Montes,  D. and Morello,  G. and Nagel,  E. and Sedaghati,  E. and Zapatero Osorio,  M. R. and Zechmeister,  M.},
  year = {2022},
  month = feb,
  pages = {A7}
}

@article{Borsa2022,
  title = {The GAPS Programme at TNG: XXXIII. HARPS-N detects multiple atomic species in emission from the dayside of KELT-20b},
  volume = {663},
  ISSN = {1432-0746},
  url = {http://dx.doi.org/10.1051/0004-6361/202142768},
  DOI = {10.1051/0004-6361/202142768},
  journal = {\aap},
  publisher = {EDP Sciences},
  author = {Borsa,  F. and Giacobbe,  P. and Bonomo,  A. S. and Brogi,  M. and Pino,  L. and Fossati,  L. and Lanza,  A. F. and Nascimbeni,  V. and Sozzetti,  A. and Amadori,  F. and Benatti,  S. and Biazzo,  K. and Bignamini,  A. and Boschin,  W. and Claudi,  R. and Cosentino,  R. and Covino,  E. and Desidera,  S. and Fiorenzano,  A. F. M. and Guilluy,  G. and Harutyunyan,  A. and Maggio,  A. and Maldonado,  J. and Mancini,  L. and Micela,  G. and Molinari,  E. and Molinaro,  M. and Pagano,  I. and Pedani,  M. and Piotto,  G. and Poretti,  E. and Rainer,  M. and Scandariato,  G. and Stoev,  H.},
  year = {2022},
  month = jul,
  pages = {A141}
}

@article{Cont2022,
  title = {Silicon in the dayside atmospheres of two ultra-hot Jupiters},
  volume = {657},
  ISSN = {1432-0746},
  url = {http://dx.doi.org/10.1051/0004-6361/202142776},
  DOI = {10.1051/0004-6361/202142776},
  journal = {\aap},
  publisher = {EDP Sciences},
  author = {Cont,  D. and Yan,  F. and Reiners,  A. and Nortmann,  L. and Molaverdikhani,  K. and Pallé,  E. and Stangret,  M. and Henning,  Th. and Ribas,  I. and Quirrenbach,  A. and Caballero,  J. A. and Zapatero Osorio,  M. R. and Amado,  P. J. and Aceituno,  J. and Casasayas-Barris,  N. and Czesla,  S. and Kaminski,  A. and López-Puertas,  M. and Montes,  D. and Morales,  J. C. and Morello,  G. and Nagel,  E. and Sánchez-López,  A. and Sedaghati,  E. and Zechmeister,  M.},
  year = {2022},
  month = jan,
  pages = {L2}
}

@article{BelloArufe2022,
  title = {Exoplanet atmospheres at high resolution through a modest-size telescope: Fe II in MASCARA-2b and KELT-9b with FIES on the Nordic Optical Telescope},
  volume = {662},
  ISSN = {1432-0746},
  url = {http://dx.doi.org/10.1051/0004-6361/202142787},
  DOI = {10.1051/0004-6361/202142787},
  journal = {\aap},
  publisher = {EDP Sciences},
  author = {Bello-Arufe,  Aaron and Buchhave,  Lars A. and Mendon\c{c}a,  João M. and Tronsgaard,  René and Heng,  Kevin and Jens Hoeijmakers,  H. and Mayo,  Andrew W.},
  year = {2022},
  month = jun,
  pages = {A51}
}

@article{Sicilia2022,
  title = {Characterization of exoplanetary atmospheres with SLOPpy},
  volume = {667},
  ISSN = {1432-0746},
  url = {http://dx.doi.org/10.1051/0004-6361/202244055},
  DOI = {10.1051/0004-6361/202244055},
  journal = {\aap},
  publisher = {EDP Sciences},
  author = {Sicilia,  D. and Malavolta,  L. and Pino,  L. and Scandariato,  G. and Nascimbeni,  V. and Piotto,  G. and Pagano,  I.},
  year = {2022},
  month = nov,
  pages = {A19}
}

@article{Gandhi2023,
  title = {Retrieval Survey of Metals in Six Ultrahot Jupiters: Trends in Chemistry,  Rain-out,  Ionization,  and Atmospheric Dynamics},
  volume = {165},
  ISSN = {1538-3881},
  url = {http://dx.doi.org/10.3847/1538-3881/accd65},
  DOI = {10.3847/1538-3881/accd65},
  number = {6},
  journal = {The Astronomical Journal},
  publisher = {American Astronomical Society},
  author = {Gandhi,  Siddharth and Kesseli,  Aurora and Zhang,  Yapeng and Louca,  Amy and Snellen,  Ignas and Brogi,  Matteo and Miguel,  Yamila and Casasayas-Barris,  Núria and Pelletier,  Stefan and Landman,  Rico and Maguire,  Cathal and Gibson,  Neale P.},
  year = {2023},
  month = may,
  pages = {242}
}

@article{Kasper2022,
  title = {Unifying High- and Low-resolution Observations to Constrain the Dayside Atmosphere of KELT-20b/MASCARA-2b},
  volume = {165},
  ISSN = {1538-3881},
  url = {http://dx.doi.org/10.3847/1538-3881/ac9f40},
  DOI = {10.3847/1538-3881/ac9f40},
  number = {1},
  journal = {The Astronomical Journal},
  publisher = {American Astronomical Society},
  author = {Kasper,  David and Bean,  Jacob L. and Line,  Michael R. and Seifahrt,  Andreas and Brady,  Madison T. and Lothringer,  Joshua and Pino,  Lorenzo and Fu,  Guangwei and Pelletier,  Stefan and St\"{u}rmer,  Julian and Benneke,  Bj\"{o}rn and Brogi,  Matteo and Désert,  Jean-Michel},
  year = {2022},
  month = dec,
  pages = {7}
}

@article{Kesseli2020,
  title = {A Search for FeH in Hot-Jupiter Atmospheres with High-dispersion Spectroscopy},
  volume = {160},
  ISSN = {1538-3881},
  url = {http://dx.doi.org/10.3847/1538-3881/abb59c},
  DOI = {10.3847/1538-3881/abb59c},
  number = {5},
  journal = {The Astronomical Journal},
  publisher = {American Astronomical Society},
  author = {Kesseli,  Aurora Y. and Snellen,  I. A. G. and Alonso-Floriano,  F. J. and Mollière,  P. and Serindag,  D. B.},
  year = {2020},
  month = oct,
  pages = {228}
}

@article{Kesseli2022,
  title = {An Atomic Spectral Survey of WASP-76b: Resolving Chemical Gradients and Asymmetries},
  volume = {163},
  ISSN = {1538-3881},
  url = {http://dx.doi.org/10.3847/1538-3881/ac4336},
  DOI = {10.3847/1538-3881/ac4336},
  number = {3},
  journal = {The Astronomical Journal},
  publisher = {American Astronomical Society},
  author = {Kesseli,  Aurora Y. and Snellen,  I. A. G. and Casasayas-Barris,  N. and Mollière,  P. and Sánchez-López,  A.},
  year = {2022},
  month = feb,
  pages = {107}
}
@article{Hoeijmakers2019,
  title = {A spectral survey of an ultra-hot Jupiter: Detection of metals in the transmission spectrum of KELT-9 b},
  volume = {627},
  ISSN = {1432-0746},
  url = {http://dx.doi.org/10.1051/0004-6361/201935089},
  DOI = {10.1051/0004-6361/201935089},
  journal = {\aap},
  publisher = {EDP Sciences},
  author = {Hoeijmakers,  H. J. and Ehrenreich,  D. and Kitzmann,  D. and Allart,  R. and Grimm,  S. L. and Seidel,  J. V. and Wyttenbach,  A. and Pino,  L. and Nielsen,  L. D. and Fisher,  C. and Rimmer,  P. B. and Bourrier,  V. and Cegla,  H. M. and Lavie,  B. and Lovis,  C. and Patzer,  A. B. C. and Stock,  J. W. and Pepe,  F. A. and Heng,  Kevin},
  year = {2019},
  month = jul,
  pages = {A165}
}
@article{Saha2023,
  title = {Precise Transit Photometry Using TESS: Updated Physical Properties for 28 Exoplanets around Bright Stars},
  volume = {268},
  ISSN = {1538-4365},
  url = {http://dx.doi.org/10.3847/1538-4365/acdb6b},
  DOI = {10.3847/1538-4365/acdb6b},
  number = {1},
  journal = {The Astrophysical Journal Supplement Series},
  publisher = {American Astronomical Society},
  author = {Saha,  Suman},
  year = {2023},
  month = aug,
  pages = {2}
}

@article{Langeveld2022,
  title = {A survey of sodium absorption in 10 giant exoplanets with high-resolution transmission spectroscopy},
  volume = {514},
  ISSN = {1365-2966},
  url = {http://dx.doi.org/10.1093/mnras/stac1539},
  DOI = {10.1093/mnras/stac1539},
  number = {4},
  journal = {Monthly Notices of the Royal Astronomical Society},
  publisher = {Oxford University Press (OUP)},
  author = {Langeveld,  Adam B and Madhusudhan,  Nikku and Cabot,  Samuel H C},
  year = {2022},
  month = jun,
  pages = {5192–5213}
}

@inproceedings{Cosentino2012,
  title = {Harps-N: the new planet hunter at TNG},
  ISSN = {0277-786X},
  url = {http://dx.doi.org/10.1117/12.925738},
  DOI = {10.1117/12.925738},
  booktitle = {Ground-based and Airborne Instrumentation for Astronomy IV},
  publisher = {SPIE},
  author = {Cosentino,  Rosario and Lovis,  Christophe and Pepe,  Francesco and Collier Cameron,  Andrew and Latham,  David W. and Molinari,  Emilio and Udry,  Stephane and Bezawada,  Naidu and Black,  Martin and Born,  Andy and Buchschacher,  Nicolas and Charbonneau,  Dave and Figueira,  Pedro and Fleury,  Michel and Galli,  Alberto and Gallie,  Angus and Gao,  Xiaofeng and Ghedina,  Adriano and Gonzalez,  Carlos and Gonzalez,  Manuel and Guerra,  Jose and Henry,  David and Horne,  Keith and Hughes,  Ian and Kelly,  Dennis and Lodi,  Marcello and Lunney,  David and Maire,  Charles and Mayor,  Michel and Micela,  Giusi and Ordway,  Mark P. and Peacock,  John and Phillips,  David and Piotto,  Giampaolo and Pollacco,  Don and Queloz,  Didier and Rice,  Ken and Riverol,  Carlos and Riverol,  Luis and San Juan,  Jose and Sasselov,  Dimitar and Segransan,  Damien and Sozzetti,  Alessandro and Sosnowska,  Danuta and Stobie,  Brian and Szentgyorgyi,  Andrew and Vick,  Andy and Weber,  Luc},
  editor = {McLean,  Ian S. and Ramsay,  Suzanne K. and Takami,  Hideki},
  year = {2012},
  month = sep 
}

@article{Pepe2021,
  title = {ESPRESSO at VLT: On-sky performance and first results},
  volume = {645},
  ISSN = {1432-0746},
  url = {http://dx.doi.org/10.1051/0004-6361/202038306},
  DOI = {10.1051/0004-6361/202038306},
  journal = {\aap},
  publisher = {EDP Sciences},
  author = {Pepe,  F. and Cristiani,  S. and Rebolo,  R. and Santos,  N. C. and Dekker,  H. and Cabral,  A. and Di Marcantonio,  P. and Figueira,  P. and Lo Curto,  G. and Lovis,  C. and Mayor,  M. and Mégevand,  D. and Molaro,  P. and Riva,  M. and Zapatero Osorio,  M. R. and Amate,  M. and Manescau,  A. and Pasquini,  L. and Zerbi,  F. M. and Adibekyan,  V. and Abreu,  M. and Affolter,  M. and Alibert,  Y. and Aliverti,  M. and Allart,  R. and Allende Prieto,  C. and Álvarez,  D. and Alves,  D. and Avila,  G. and Baldini,  V. and Bandy,  T. and Barros,  S. C. C. and Benz,  W. and Bianco,  A. and Borsa,  F. and Bourrier,  V. and Bouchy,  F. and Broeg,  C. and Calderone,  G. and Cirami,  R. and Coelho,  J. and Conconi,  P. and Coretti,  I. and Cumani,  C. and Cupani,  G. and D’Odorico,  V. and Damasso,  M. and Deiries,  S. and Delabre,  B. and Demangeon,  O. D. S. and Dumusque,  X. and Ehrenreich,  D. and Faria,  J. P. and Fragoso,  A. and Genolet,  L. and Genoni,  M. and Génova Santos,  R. and González Hernández,  J. I. and Hughes,  I. and Iwert,  O. and Kerber,  F. and Knudstrup,  J. and Landoni,  M. and Lavie,  B. and Lillo-Box,  J. and Lizon,  J.-L. and Maire,  C. and Martins,  C. J. A. P. and Mehner,  A. and Micela,  G. and Modigliani,  A. and Monteiro,  M. A. and Monteiro,  M. J. P. F. G. and Moschetti,  M. and Murphy,  M. T. and Nunes,  N. and Oggioni,  L. and Oliveira,  A. and Oshagh,  M. and Pallé,  E. and Pariani,  G. and Poretti,  E. and Rasilla,  J. L. and Rebordão,  J. and Redaelli,  E. M. and Santana Tschudi,  S. and Santin,  P. and Santos,  P. and Ségransan,  D. and Schmidt,  T. M. and Segovia,  A. and Sosnowska,  D. and Sozzetti,  A. and Sousa,  S. G. and Spanò,  P. and Suárez Mascareño,  A. and Tabernero,  H. and Tenegi,  F. and Udry,  S. and Zanutta,  A.},
  year = {2021},
  month = jan,
  pages = {A96}
}

@article{Stock2018,
  title = {FastChem: A computer program for efficient complex chemical equilibrium calculations in the neutral/ionized gas phase with applications to stellar and planetary atmospheres},
  ISSN = {1365-2966},
  url = {http://dx.doi.org/10.1093/mnras/sty1531},
  DOI = {10.1093/mnras/sty1531},
  journal = {Monthly Notices of the Royal Astronomical Society},
  publisher = {Oxford University Press (OUP)},
  author = {Stock,  Joachim W and Kitzmann,  Daniel and Patzer,  A Beate C and Sedlmayr,  Erwin},
  year = {2018},
  month = jun 
}
@article{Stock2022,
  title = {<scp>FastChem 2</scp>
: an improved computer program to determine the gas-phase chemical equilibrium composition for arbitrary element distributions},
  volume = {517},
  ISSN = {1365-2966},
  url = {http://dx.doi.org/10.1093/mnras/stac2623},
  DOI = {10.1093/mnras/stac2623},
  number = {3},
  journal = {Monthly Notices of the Royal Astronomical Society},
  publisher = {Oxford University Press (OUP)},
  author = {Stock,  Joachim W and Kitzmann,  Daniel and Patzer,  A Beate C},
  year = {2022},
  month = sep,
  pages = {4070–4080}
}
@article{Kitzmann2023,
  title = {<scp>fastchem cond</scp>: equilibrium chemistry with condensation and rainout for cool planetary and stellar environments},
  volume = {527},
  ISSN = {1365-2966},
  url = {http://dx.doi.org/10.1093/mnras/stad3515},
  DOI = {10.1093/mnras/stad3515},
  number = {3},
  journal = {Monthly Notices of the Royal Astronomical Society},
  publisher = {Oxford University Press (OUP)},
  author = {Kitzmann,  Daniel and Stock,  Joachim W and Patzer,  A Beate C},
  year = {2023},
  month = nov,
  pages = {7263–7283}
}

@article{Smette2015,
  title = {Molecfit: A general tool for telluric absorption correction: I. Method and application to ESO instruments {\textasciitilde}{\textasciitilde}{\textasciitilde}},
  volume = {576},
  ISSN = {1432-0746},
  url = {http://dx.doi.org/10.1051/0004-6361/201423932},
  DOI = {10.1051/0004-6361/201423932},
  journal = {\aap},
  publisher = {EDP Sciences},
  author = {Smette, A. and Sana, H. and Noll, S. and Horst, H. and Kausch, W. and Kimeswenger, S. and Barden, M. and Szyszka, C. and Jones, A. M. and Gallenne, A. and Vinther, J. and Ballester, P. and Taylor, J.},
  year = {2015},
  month = apr,
  pages = {A77}
}


@article{Kausch2015,
  title = {Molecfit: A general tool for telluric absorption correction: II. Quantitative evaluation on ESO-VLT/X-Shooterspectra},
  volume = {576},
  ISSN = {1432-0746},
  url = {http://dx.doi.org/10.1051/0004-6361/201423909},
  DOI = {10.1051/0004-6361/201423909},
  journal = {\aap},
  publisher = {EDP Sciences},
  author = {Kausch,  W. and Noll,  S. and Smette,  A. and Kimeswenger,  S. and Barden,  M. and Szyszka,  C. and Jones,  A. M. and Sana,  H. and Horst,  H. and Kerber,  F.},
  year = {2015},
  month = apr,
  pages = {A78}
}

@article{Petz2023,
  title = {The PEPSI Exoplanet Transit Survey (PETS) – IV. Assessing the atmospheric chemistry of KELT-20b},
  volume = {527},
  ISSN = {1365-2966},
  url = {http://dx.doi.org/10.1093/mnras/stad3481},
  DOI = {10.1093/mnras/stad3481},
  number = {3},
  journal = {Monthly Notices of the Royal Astronomical Society},
  publisher = {Oxford University Press (OUP)},
  author = {Petz,  Sydney and Johnson,  Marshall C and Asnodkar,  Anusha Pai and Wang,  Ji and Gaudi,  B Scott and Henning,  Thomas and Keles,  Engin and Molaverdikhani,  Karan and Poppenhaeger,  Katja and Scandariato,  Gaetano and Shkolnik,  Evgenya K and Sicilia,  Daniela and Strassmeier,  Klaus G and Yan,  Fei},
  year = {2023},
  month = nov,
  pages = {7079–7092}
}

@article{Johnson2014,
  title = {A MISALIGNED PROGRADE ORBIT FOR KEPLER-13 Ab VIA DOPPLER TOMOGRAPHY},
  volume = {790},
  ISSN = {1538-4357},
  url = {http://dx.doi.org/10.1088/0004-637X/790/1/30},
  DOI = {10.1088/0004-637x/790/1/30},
  number = {1},
  journal = {The Astrophysical Journal},
  publisher = {American Astronomical Society},
  author = {Johnson,  Marshall C. and Cochran,  William D. and Albrecht,  Simon and Dodson-Robinson,  Sarah E. and Winn,  Joshua N. and Gullikson,  Kevin},
  year = {2014},
  month = jun,
  pages = {30}
}

@article{Johnson2017,
  title = {Spin–Orbit Misalignments of Three Jovian Planets via Doppler Tomography*},
  volume = {154},
  ISSN = {1538-3881},
  url = {http://dx.doi.org/10.3847/1538-3881/aa8462},
  DOI = {10.3847/1538-3881/aa8462},
  number = {4},
  journal = {The Astronomical Journal},
  publisher = {American Astronomical Society},
  author = {Johnson,  Marshall C. and Cochran,  William D. and Addison,  Brett C. and Tinney,  Chris G. and Wright,  Duncan J.},
  year = {2017},
  month = sep,
  pages = {137}
}

@article{Tamuz2005,
 author = {Tamuz, O. and Mazeh, T. and Zucker, S.},
 doi = {10.1111/j.1365-2966.2004.08585.x},
 issn = {1365-2966},
 journal = {Monthly Notices of the Royal Astronomical Society},
 month = {February},
 number = {4},
 pages = {1466–1470},
 publisher = {Oxford University Press (OUP)},
 title = {Correcting systematic effects in a large set of photometric light curves},
 url = {http://dx.doi.org/10.1111/j.1365-2966.2004.08585.x},
 volume = {356},
 year = {2005}
}

@article{Borsato2023,
  title = {The Mantis Network: III. Expanding the limits of chemical searches within ultra-hot Jupiters: New detections of Ca I,  V I,  Ti I,  Cr I,  Ni I,  Sr II,  Ba II,  and Tb II in KELT-9 b},
  volume = {673},
  ISSN = {1432-0746},
  url = {http://dx.doi.org/10.1051/0004-6361/202245121},
  DOI = {10.1051/0004-6361/202245121},
  journal = {\aap},
  publisher = {EDP Sciences},
  author = {Borsato,  N. W. and Hoeijmakers,  H. J. and Prinoth,  B. and Thorsbro,  B. and Forsberg,  R. and Kitzmann,  D. and Jones,  K. and Heng,  K.},
  year = {2023},
  month = may,
  pages = {A158}
}

@article{Gibson2020,
  title = {Detection of Fe i in the atmosphere of the ultra-hot Jupiter WASP-121b,  and a new likelihood-based approach for Doppler-resolved spectroscopy},
  volume = {493},
  ISSN = {1365-2966},
  url = {http://dx.doi.org/10.1093/mnras/staa228},
  DOI = {10.1093/mnras/staa228},
  number = {2},
  journal = {Monthly Notices of the Royal Astronomical Society},
  publisher = {Oxford University Press (OUP)},
  author = {Gibson,  Neale P and Merritt,  Stephanie and Nugroho,  Stevanus K and Cubillos,  Patricio E and de Mooij,  Ernst J W and Mikal-Evans,  Thomas and Fossati,  Luca and Lothringer,  Joshua and Nikolov,  Nikolay and Sing,  David K and Spake,  Jessica J and Watson,  Chris A and Wilson,  Jamie},
  year = {2020},
  month = jan,
  pages = {2215–2228}
}

@article{Sing2019,
  title = {The Hubble Space Telescope PanCET Program: Exospheric Mg ii and Fe ii in the Near-ultraviolet Transmission Spectrum of WASP-121b Using Jitter Decorrelation},
  volume = {158},
  ISSN = {1538-3881},
  url = {http://dx.doi.org/10.3847/1538-3881/ab2986},
  DOI = {10.3847/1538-3881/ab2986},
  number = {2},
  journal = {The Astronomical Journal},
  publisher = {American Astronomical Society},
  author = {Sing,  David K. and Lavvas,  Panayotis and Ballester,  Gilda E. and Lecavelier des Etangs,  Alain and Marley,  Mark S. and Nikolov,  Nikolay and Ben-Jaffel,  Lotfi and Bourrier,  Vincent and Buchhave,  Lars A. and Deming,  Drake L. and Ehrenreich,  David and Mikal-Evans,  Thomas and Kataria,  Tiffany and Lewis,  Nikole K. and López-Morales,  Mercedes and García Muñoz,  Antonio and Henry,  Gregory W. and Sanz-Forcada,  Jorge and Spake,  Jessica J. and Wakeford,  Hannah R.},
  year = {2019},
  month = aug,
  pages = {91}
}

@article{CasasayasBarris2018,
  title = {Na I and Hα absorption features in the atmosphere of MASCARA-2b/KELT-20b},
  volume = {616},
  ISSN = {1432-0746},
  url = {http://dx.doi.org/10.1051/0004-6361/201832963},
  DOI = {10.1051/0004-6361/201832963},
  journal = {\aap},
  publisher = {EDP Sciences},
  author = {Casasayas-Barris,  N. and Pallé,  E. and Yan,  F. and Chen,  G. and Albrecht,  S. and Nortmann,  L. and Van Eylen,  V. and Snellen,  I. and Talens,  G. J. J. and González Hernández,  J. I. and Rebolo,  R. and Otten,  G. P. P. L.},
  year = {2018},
  month = aug,
  pages = {A151}
}
@inproceedings{McCully2022,
author = {Curtis McCully and Matthew Daily and G. Mirek Brandt and Marshall C. Johnson and Mark Bowman and Daniel-Rolf Harbeck},
title = {{Automatic spectroscopic data reduction using BANZAI}},
volume = {12189},
booktitle = {Software and Cyberinfrastructure for Astronomy VII},
editor = {Jorge Ibsen and Gianluca Chiozzi},
organization = {International Society for Optics and Photonics},
publisher = {SPIE},
pages = {1218914},
keywords = {Spectra, Echelle, Data Reduction, Pipelines, Software},
year = {2022},
doi = {10.1117/12.2630667},
URL = {https://doi.org/10.1117/12.2630667}
}
@phdthesis{Johnson2016,
  title = {Spin-Orbit Misalignments, Planet Candidate Validation, and Nodal Precession via Doppler Tomography},
  author = {Johnson, M. C.},
  year = {2016},
  school = {The University of Texas at Austin}
}

@ARTICLE{Asplund2021,
       author = {{Asplund}, M. and {Amarsi}, A.~M. and {Grevesse}, N.},
        title = {The chemical make-up of the Sun: A 2020 vision},
      journal = {\aap},
     keywords = {Sun: abundances, Sun: photosphere, Sun: atmosphere, line: formation, meteorites, meteors, meteoroids, Sun: helioseismology, Astrophysics - Solar and Stellar Astrophysics, Astrophysics - Earth and Planetary Astrophysics},
         year = 2021,
        month = sep,
       volume = {653},
          eid = {A141},
        pages = {A141},
          doi = {10.1051/0004-6361/202140445},
archivePrefix = {arXiv},
       eprint = {2105.01661},
 primaryClass = {astro-ph.SR},
       adsurl = {https://ui.adsabs.harvard.edu/abs/2021A&A...653A.141A},
      adsnote = {Provided by the SAO/NASA Astrophysics Data System}
}

@article{Rossiter1924,
  title = {On the detection of an effect of rotation during eclipse in the velocity of the brigher component of beta Lyrae,  and on the constancy of velocity of this system.},
  volume = {60},
  ISSN = {1538-4357},
  url = {http://dx.doi.org/10.1086/142825},
  DOI = {10.1086/142825},
  journal = {The Astrophysical Journal},
  publisher = {American Astronomical Society},
  author = {Rossiter,  R. A.},
  year = {1924},
  month = jul,
  pages = {15}
}

@article{McLaughlin1924,
  title = {Some results of a spectrographic study of the Algol system.},
  volume = {60},
  ISSN = {1538-4357},
  url = {http://dx.doi.org/10.1086/142826},
  DOI = {10.1086/142826},
  journal = {The Astrophysical Journal},
  publisher = {American Astronomical Society},
  author = {McLaughlin,  D. B.},
  year = {1924},
  month = jul,
  pages = {22}
}

@article{MillerRicciKempton2012,
  title = {CONSTRAINING HIGH-SPEED WINDS IN EXOPLANET ATMOSPHERES THROUGH OBSERVATIONS OF ANOMALOUS DOPPLER SHIFTS DURING TRANSIT},
  volume = {751},
  ISSN = {1538-4357},
  url = {http://dx.doi.org/10.1088/0004-637X/751/2/117},
  DOI = {10.1088/0004-637x/751/2/117},
  number = {2},
  journal = {The Astrophysical Journal},
  publisher = {American Astronomical Society},
  author = {Miller-Ricci Kempton,  Eliza and Rauscher,  Emily},
  year = {2012},
  month = may,
  pages = {117}
}
@misc{Savel2024,
  doi = {10.48550/ARXIV.2406.12512},
  url = {https://arxiv.org/abs/2406.12512},
  author = {Savel,  Arjun B. and Beltz,  Hayley and Komacek,  Thaddeus D. and Tsai,  Shang-Min and Kempton,  Eliza M. -R.},
  keywords = {Earth and Planetary Astrophysics (astro-ph.EP),  FOS: Physical sciences,  FOS: Physical sciences},
  title = {A new lever on exoplanetary B fields: measuring heavy ion velocities},
  publisher = {arXiv},
  year = {2024},
  copyright = {Creative Commons Attribution 4.0 International}
}

@article{ATP,
    author = {Bowesman, Charles A and Shuai, Meiyin and Yurchenko, Sergei N and Tennyson, Jonathan},
    title = "{A high-resolution line list for AlO}",
    journal = {Monthly Notices of the Royal Astronomical Society},
    volume = {508},
    number = {3},
    pages = {3181-3193},
    year = {2021},
    month = {09},
    abstract = "{Indications of aluminium monoxide in atmospheres of exoplanets are being reported. Studies using high-resolution spectroscopy should allow a strong detection but require high-accuracy laboratory data. A marvel (measured active rotational-vibrational energy levels) analysis is performed for the available spectroscopic data on 27Al16O: 22 473 validated transitions are used to determine 6485 distinct energy levels. These empirical energy levels are used to provide an improved, spectroscopically accurate version of the ExoMol ATP line list for 27Al16O; at the same time, the accuracy of the line lists for the isotopically substituted species 26Al16O, 27Al17O, and 27Al18O is improved by correcting levels in line with the corrections used for 27Al16O. These line lists are available from the ExoMol data base at www.exomol.com.}",
    issn = {0035-8711},
    doi = {10.1093/mnras/stab2525},
    url = {https://doi.org/10.1093/mnras/stab2525},
    eprint = {https://academic.oup.com/mnras/article-pdf/508/3/3181/40735982/stab2525.pdf},
}

@article{ATP,
  title = {A high-resolution line list for AlO},
  volume = {508},
  ISSN = {1365-2966},
  url = {http://dx.doi.org/10.1093/mnras/stab2525},
  DOI = {10.1093/mnras/stab2525},
  number = {3},
  journal = {Monthly Notices of the Royal Astronomical Society},
  publisher = {Oxford University Press (OUP)},
  author = {Bowesman,  Charles A and Shuai,  Meiyin and Yurchenko,  Sergei N and Tennyson,  Jonathan},
  year = {2021},
  month = sep,
  pages = {3181–3193}
}
@ARTICLE{Yadin,
  author={Yadin, Benjamin and Veness, Thomas and Conti, Pierandrea and Hill, Christian and Yurchenko, Sergei N. and Tennyson, Jonathan},
  journal={Monthly Notices of the Royal Astronomical Society}, 
  title={ExoMol line lists - I. The rovibrational spectrum of BeH, MgH and CaH in the X 2Σ+ state}, 
  year={2012},
  volume={425},
  number={1},
  pages={34-43},
  keywords={molecular data;opacity;astronomical data bases: miscellaneous;planets and satellites: atmospheres;stars: low-mass},
  doi={10.1111/j.1365-2966.2012.21367.x}}

@article{Rivlin,
  title = {ExoMol molecular line lists – X. The spectrum of sodium hydride},
  volume = {451},
  ISSN = {0035-8711},
  url = {http://dx.doi.org/10.1093/mnras/stv979},
  DOI = {10.1093/mnras/stv979},
  number = {1},
  journal = {Monthly Notices of the Royal Astronomical Society},
  publisher = {Oxford University Press (OUP)},
  author = {Rivlin,  Tom and Lodi,  Lorenzo and Yurchenko,  Sergei N. and Tennyson,  Jonathan and Le Roy,  Robert J.},
  year = {2015},
  month = may,
  pages = {634–638}
}

@article{VBATHY,
  title = {ExoMol molecular line lists – XIII. The spectrum of CaO},
  volume = {456},
  ISSN = {1365-2966},
  url = {http://dx.doi.org/10.1093/mnras/stv2858},
  DOI = {10.1093/mnras/stv2858},
  number = {4},
  journal = {Monthly Notices of the Royal Astronomical Society},
  publisher = {Oxford University Press (OUP)},
  author = {Yurchenko,  Sergei N. and Blissett,  Audra and Asari,  Usama and Vasilios,  Marcus and Hill,  Christian and Tennyson,  Jonathan},
  year = {2016},
  month = jan,
  pages = {4524–4532}
}

@article{HITEMP,
title = {HITEMP, the high-temperature molecular spectroscopic database},
journal = {Journal of Quantitative Spectroscopy and Radiative Transfer},
volume = {111},
number = {15},
pages = {2139-2150},
year = {2010},
note = {XVIth Symposium on High Resolution Molecular Spectroscopy (HighRus-2009)},
issn = {0022-4073},
doi = {https://doi.org/10.1016/j.jqsrt.2010.05.001},
url = {https://www.sciencedirect.com/science/article/pii/S002240731000169X},
author = {L.S. Rothman and I.E. Gordon and R.J. Barber and H. Dothe and R.R. Gamache and A. Goldman and V.I. Perevalov and S.A. Tashkun and J. Tennyson},
keywords = {Spectroscopic database, Molecular spectroscopy, Molecular absorption, Line parameters, High-temperature spectroscopy, HITEMP},
abstract = {A new molecular spectroscopic database for high-temperature modeling of the spectra of molecules in the gas phase is described. This database, called HITEMP, is analogous to the HITRAN database but encompasses many more bands and transitions than HITRAN for the absorbers H2O, CO2, CO, NO, and OH. HITEMP provides users with a powerful tool for a great many applications: astrophysics, planetary and stellar atmospheres, industrial processes, surveillance, non-local thermodynamic equilibrium problems, and investigating molecular interactions, to name a few. The sources and implementation of the spectroscopic parameters incorporated into HITEMP are discussed.}
}

@article{HITEMP-CO,
  title = {ROVIBRATIONAL LINE LISTS FOR NINE ISOTOPOLOGUES OF THE CO MOLECULE IN THE
                    X
                    1
                    Σ
                    +
                    GROUND ELECTRONIC STATE},
  volume = {216},
  ISSN = {1538-4365},
  url = {http://dx.doi.org/10.1088/0067-0049/216/1/15},
  DOI = {10.1088/0067-0049/216/1/15},
  number = {1},
  journal = {The Astrophysical Journal Supplement Series},
  publisher = {American Astronomical Society},
  author = {Li,  Gang and Gordon,  Iouli E. and Rothman,  Laurence S. and Tan,  Yan and Hu,  Shui-Ming and Kassi,  Samir and Campargue,  Alain and Medvedev,  Emile S.},
  year = {2015},
  month = jan,
  pages = {15}
}

@article{Prinoth2023,
   title={Time-resolved transmission spectroscopy of the ultra-hot Jupiter WASP-189 b},
   volume={678},
   ISSN={1432-0746},
   url={http://dx.doi.org/10.1051/0004-6361/202347262},
   DOI={10.1051/0004-6361/202347262},
   journal={Astronomy &amp; Astrophysics},
   publisher={EDP Sciences},
   author={Prinoth, B. and Hoeijmakers, H. J. and Pelletier, S. and Kitzmann, D. and Morris, B. M. and Seifahrt, A. and Kasper, D. and Korhonen, H. H. and Burheim, M. and Bean, J. L. and Benneke, B. and Borsato, N. W. and Brady, M. and Grimm, S. L. and Luque, R. and Stürmer, J. and Thorsbro, B.},
   year={2023},
   month=oct, pages={A182} }

@misc{Wardenier2024,
      title={Phase-resolving the absorption signatures of water and carbon monoxide in the atmosphere of the ultra-hot Jupiter WASP-121b with GEMINI-S/IGRINS}, 
      author={Joost P. Wardenier and Vivien Parmentier and Michael R. Line and Megan Weiner Mansfield and Xianyu Tan and Shang-Min Tsai and Jacob L. Bean and Jayne L. Birkby and Matteo Brogi and Jean-Michel Désert and Siddharth Gandhi and Elspeth K. H. Lee and Colette I. Levens and Lorenzo Pino and Peter C. B. Smith},
      year={2024},
      eprint={2406.09641},
      archivePrefix={arXiv},
      primaryClass={astro-ph.EP},
      url={https://arxiv.org/abs/2406.09641}, 
}

@article{Prinoth2023,
  title = {Time-resolved transmission spectroscopy of the ultra-hot Jupiter WASP-189 b},
  volume = {678},
  ISSN = {1432-0746},
  url = {http://dx.doi.org/10.1051/0004-6361/202347262},
  DOI = {10.1051/0004-6361/202347262},
  journal = {Astronomy &amp; Astrophysics},
  publisher = {EDP Sciences},
  author = {Prinoth,  B. and Hoeijmakers,  H. J. and Pelletier,  S. and Kitzmann,  D. and Morris,  B. M. and Seifahrt,  A. and Kasper,  D. and Korhonen,  H. H. and Burheim,  M. and Bean,  J. L. and Benneke,  B. and Borsato,  N. W. and Brady,  M. and Grimm,  S. L. and Luque,  R. and St\"{u}rmer,  J. and Thorsbro,  B.},
  year = {2023},
  month = oct,
  pages = {A182}
}

@article{Pino2022,
  title = {The GAPS Programme at TNG: XLI. The climate of KELT-9b revealed with a new approach to high-spectral-resolution phase curves},
  volume = {668},
  ISSN = {1432-0746},
  url = {http://dx.doi.org/10.1051/0004-6361/202244593},
  DOI = {10.1051/0004-6361/202244593},
  journal = {Astronomy &amp; Astrophysics},
  publisher = {EDP Sciences},
  author = {Pino,  L. and Brogi,  M. and Désert,  J. M. and Nascimbeni,  V. and Bonomo,  A. S. and Rauscher,  E. and Basilicata,  M. and Biazzo,  K. and Bignamini,  A. and Borsa,  F. and Claudi,  R. and Covino,  E. and Di Mauro,  M. P. and Guilluy,  G. and Maggio,  A. and Malavolta,  L. and Micela,  G. and Molinari,  E. and Molinaro,  M. and Montalto,  M. and Nardiello,  D. and Pedani,  M. and Piotto,  G. and Poretti,  E. and Rainer,  M. and Scandariato,  G. and Sicilia,  D. and Sozzetti,  A.},
  year = {2022},
  month = dec,
  pages = {A176}
}

@article{Cauley2019,
  title = {Atmospheric Dynamics and the Variable Transit of KELT-9 b*},
  volume = {157},
  ISSN = {1538-3881},
  url = {http://dx.doi.org/10.3847/1538-3881/aaf725},
  DOI = {10.3847/1538-3881/aaf725},
  number = {2},
  journal = {The Astronomical Journal},
  publisher = {American Astronomical Society},
  author = {Cauley,  P. Wilson and Shkolnik,  Evgenya L. and Ilyin,  Ilya and Strassmeier,  Klaus G. and Redfield,  Seth and Jensen,  Adam},
  year = {2019},
  month = jan,
  pages = {69}
}

@article{Cauley2021,
  title = {Time-resolved Rotational Velocities in the Upper Atmosphere of WASP-33 b*},
  volume = {161},
  ISSN = {1538-3881},
  url = {http://dx.doi.org/10.3847/1538-3881/abde43},
  DOI = {10.3847/1538-3881/abde43},
  number = {3},
  journal = {The Astronomical Journal},
  publisher = {American Astronomical Society},
  author = {Cauley,  P. Wilson and Wang,  Ji and Shkolnik,  Evgenya L. and Ilyin,  Ilya and Strassmeier,  Klaus G. and Redfield,  Seth and Jensen,  Adam G.},
  year = {2021},
  month = feb,
  pages = {152}
}

@article{Ehrenreich2020,
  title = {Nightside condensation of iron in an ultrahot giant exoplanet},
  volume = {580},
  ISSN = {1476-4687},
  url = {http://dx.doi.org/10.1038/s41586-020-2107-1},
  DOI = {10.1038/s41586-020-2107-1},
  number = {7805},
  journal = {Nature},
  publisher = {Springer Science and Business Media LLC},
  author = {Ehrenreich,  David and Lovis,  Christophe and Allart,  Romain and Zapatero Osorio,  María Rosa and Pepe,  Francesco and Cristiani,  Stefano and Rebolo,  Rafael and Santos,  Nuno C. and Borsa,  Francesco and Demangeon,  Olivier and Dumusque,  Xavier and González Hernández,  Jonay I. and Casasayas-Barris,  Núria and Ségransan,  Damien and Sousa,  Sérgio and Abreu,  Manuel and Adibekyan,  Vardan and Affolter,  Michael and Allende Prieto,  Carlos and Alibert,  Yann and Aliverti,  Matteo and Alves,  David and Amate,  Manuel and Avila,  Gerardo and Baldini,  Veronica and Bandy,  Timothy and Benz,  Willy and Bianco,  Andrea and Bolmont,  Émeline and Bouchy,  Fran\c{c}ois and Bourrier,  Vincent and Broeg,  Christopher and Cabral,  Alexandre and Calderone,  Giorgio and Pallé,  Enric and Cegla,  H. M. and Cirami,  Roberto and Coelho,  João M. P. and Conconi,  Paolo and Coretti,  Igor and Cumani,  Claudio and Cupani,  Guido and Dekker,  Hans and Delabre,  Bernard and Deiries,  Sebastian and D’Odorico,  Valentina and Di Marcantonio,  Paolo and Figueira,  Pedro and Fragoso,  Ana and Genolet,  Ludovic and Genoni,  Matteo and Génova Santos,  Ricardo and Hara,  Nathan and Hughes,  Ian and Iwert,  Olaf and Kerber,  Florian and Knudstrup,  Jens and Landoni,  Marco and Lavie,  Baptiste and Lizon,  Jean-Louis and Lendl,  Monika and Lo Curto,  Gaspare and Maire,  Charles and Manescau,  Antonio and Martins,  C. J. A. P. and Mégevand,  Denis and Mehner,  Andrea and Micela,  Giusi and Modigliani,  Andrea and Molaro,  Paolo and Monteiro,  Manuel and Monteiro,  Mario and Moschetti,  Manuele and M\"{u}ller,  Eric and Nunes,  Nelson and Oggioni,  Luca and Oliveira,  António and Pariani,  Giorgio and Pasquini,  Luca and Poretti,  Ennio and Rasilla,  José Luis and Redaelli,  Edoardo and Riva,  Marco and Santana Tschudi,  Samuel and Santin,  Paolo and Santos,  Pedro and Segovia Milla,  Alex and Seidel,  Julia V. and Sosnowska,  Danuta and Sozzetti,  Alessandro and Spanò,  Paolo and Suárez Mascareño,  Alejandro and Tabernero,  Hugo and Tenegi,  Fabio and Udry,  Stéphane and Zanutta,  Alessio and Zerbi,  Filippo},
  year = {2020},
  month = mar,
  pages = {597–601}
}

@article{Tan2019,
  title = {The Atmospheric Circulation of Ultra-hot Jupiters},
  volume = {886},
  ISSN = {1538-4357},
  url = {http://dx.doi.org/10.3847/1538-4357/ab4a76},
  DOI = {10.3847/1538-4357/ab4a76},
  number = {1},
  journal = {The Astrophysical Journal},
  publisher = {American Astronomical Society},
  author = {Tan,  Xianyu and Komacek,  Thaddeus D.},
  year = {2019},
  month = nov,
  pages = {26}
}

@article{BoldtChristmas2024,
  title = {Optimising spectroscopic observations of transiting exoplanets},
  volume = {683},
  ISSN = {1432-0746},
  url = {http://dx.doi.org/10.1051/0004-6361/202347398},
  DOI = {10.1051/0004-6361/202347398},
  journal = {Astronomy &amp; Astrophysics},
  publisher = {EDP Sciences},
  author = {Boldt-Christmas,  Linn and Lesjak,  Fabio and Wehrhahn,  Ansgar and Piskunov,  Nikolai and Rains,  Adam D. and Nortmann,  Lisa and Kochukhov,  Oleg},
  year = {2024},
  month = mar,
  pages = {A244}
}

@article{Wardenier2024,
  title = {Phase-resolving the absorption signatures of water and carbon monoxide in the atmosphere of the ultra-hot Jupiter WASP-121b with GEMINI-S/IGRINS},
  doi = {10.48550/ARXIV.2406.09641},
  url = {https://arxiv.org/abs/2406.09641},
  author = {Wardenier,  Joost P. and Parmentier,  Vivien and Line,  Michael R. and Mansfield,  Megan Weiner and Tan,  Xianyu and Tsai,  Shang-Min and Bean,  Jacob L. and Birkby,  Jayne L. and Brogi,  Matteo and Désert,  Jean-Michel and Gandhi,  Siddharth and Lee,  Elspeth K. H. and Levens,  Colette I. and Pino,  Lorenzo and Smith,  Peter C. B.},
  keywords = {Earth and Planetary Astrophysics (astro-ph.EP),  FOS: Physical sciences,  FOS: Physical sciences},
  title = {Phase-resolving the absorption signatures of water and carbon monoxide in the atmosphere of the ultra-hot Jupiter WASP-121b with GEMINI-S/IGRINS},
  arxiv = {2406.09641} ,
  year = {2024},
  copyright = {Creative Commons Attribution 4.0 International}
}